@article{daume,
  author    = "Hal {Daum{\'{e} III}}",
  title     = {Frustratingly Easy Domain Adaptation},
  journal   = {CoRR},
  volume    = {abs/0907.1815},
  year      = {2009},
  url       = {http://arxiv.org/abs/0907.1815},
  archivePrefix = {arXiv},
  eprint    = {0907.1815},
  timestamp = {Mon, 13 Aug 2018 16:46:20 +0200},
  biburl    = {https://dblp.org/rec/journals/corr/abs-0907-1815.bib},
  bibsource = {dblp computer science bibliography, https://dblp.org}
}

@article{tca,
  author  = {S. J. {Pan} and I. W. {Tsang} and J. T. {Kwok} and Q. {Yang}},
  journal = {IEEE Transactions on Neural Networks},
  title   = {Domain Adaptation via Transfer Component Analysis},
  year    = {2011},
  volume  = {22},
  number  = {2},
  pages   = {199-210},
}

@inproceedings{jda,
  author    = {M. {Long} and J. {Wang} and G. {Ding} and J. {Sun} and P. S. {Yu}},
  booktitle = {2013 IEEE International Conference on Computer Vision}, 
  title     = {Transfer Feature Learning with Joint Distribution Adaptation}, 
  year      = {2013},
  pages     = {2200-2207}
}

@inproceedings{easiest, 
  title     = {Flexible domain adaptation for automated essay scoring using correlated linear regression},
  author    = {Phandi, Peter and Chai, Kian Ming A and Ng, Hwee Tou},
  booktitle = {Proceedings of the 2015 Conference on Empirical Methods in Natural Language Processing},
  pages     = {431--439},
  year      = {2015}
}

@article{prelu,
  author    = {Kaiming He and
               Xiangyu Zhang and
               Shaoqing Ren and
               Jian Sun},
  title     = {Delving Deep into Rectifiers: Surpassing Human-Level Performance on
               ImageNet Classification},
  journal   = {CoRR},
  volume    = {abs/1502.01852},
  year      = {2015},
  url       = {http://arxiv.org/abs/1502.01852},
  archivePrefix = {arXiv},
  eprint    = {1502.01852},
  timestamp = {Wed, 17 Apr 2019 17:23:45 +0200},
  biburl    = {https://dblp.org/rec/journals/corr/HeZR015.bib},
  bibsource = {dblp computer science bibliography, https://dblp.org}
}

% THIS IS THE RETURN! CHECK THIS OUT!

@article{DBLP:journals/corr/SunFS15,
  author    = {Baochen Sun and
               Jiashi Feng and
               Kate Saenko},
  title     = {Return of Frustratingly Easy Domain Adaptation},
  journal   = {CoRR},
  volume    = {abs/1511.05547},
  year      = {2015},
  url       = {http://arxiv.org/abs/1511.05547},
  archivePrefix = {arXiv},
  eprint    = {1511.05547},
  timestamp = {Mon, 13 Aug 2018 16:47:58 +0200},
  biburl    = {https://dblp.org/rec/journals/corr/SunFS15.bib},
  bibsource = {dblp computer science bibliography, https://dblp.org}
}

@article{cosine,
  author    = {Ilya Loshchilov and
               Frank Hutter},
  title     = {{SGDR:} Stochastic Gradient Descent with Restarts},
  journal   = {CoRR},
  volume    = {abs/1608.03983},
  year      = {2016},
  url       = {http://arxiv.org/abs/1608.03983},
  archivePrefix = {arXiv},
  eprint    = {1608.03983},
  timestamp = {Mon, 13 Aug 2018 16:48:29 +0200},
  biburl    = {https://dblp.org/rec/journals/corr/LoshchilovH16a.bib},
  bibsource = {dblp computer science bibliography, https://dblp.org}
}

@inproceedings{adam,
  author    = {Diederik P. Kingma and
               Jimmy Ba},
  title     = {Adam: {A} Method for Stochastic Optimization},
  booktitle = {3rd International Conference on Learning Representations, {ICLR} 2015,
               San Diego, CA, USA, May 7-9, 2015, Conference Track Proceedings},
  year      = {2015},
  url       = {http://arxiv.org/abs/1412.6980},
  timestamp = {Thu, 25 Jul 2019 14:25:37 +0200},
  biburl    = {https://dblp.org/rec/bib/journals/corr/KingmaB14},
  bibsource = {dblp computer science bibliography, https://dblp.org}
}